@inproceedings{williams1990performance,
  title={Performance-driven facial animation},
  author={Williams, Lance},
  booktitle={ACM SIGGRAPH Computer Graphics},
  volume={24},
  number={4},
  pages={235--242},
  year={1990},
  organization={ACM}
}

@techreport{parke1974parametric,
  title={A parametric model for human faces.},
  author={Parke, Frederick Ira},
  year={1974},
  institution={DTIC Document}
}

@inproceedings{platt1981animating,
  title={Animating facial expressions},
  author={Platt, Stephen M and Badler, Norman I},
  booktitle={ACM SIGGRAPH computer graphics},
  volume={15},
  number={3},
  pages={245--252},
  year={1981},
  organization={ACM}
}

@phdthesis{brennan1982caricature,
  title={Caricature generator},
  author={Brennan, Susan Elise},
  year={1982},
  school={Massachusetts Institute of Technology}
}

@misc{burson1981method,
  title={Method and Apparatus for Producing an Image of a Person's Face at a Different Age},
  author={Burson, Nancy and Schneider, Thomas D},
  year={1981},
  publisher={Google Patents},
  note={US Patent 4,276,570}
}

@misc{Guardian2015,
  title={Photorealism - the future of video game visuals},
  author={Keith Stuart},
  year={2015},
  note={Accessed: 01/04/2017}
}

@inproceedings{liu2013game,
  title={Game asset considerations for facial animation},
  author={Liu, Boqian and Davis, Timothy A},
  booktitle={Computer Games: AI, Animation, Mobile, Interactive Multimedia, 
  Educational and Serious Games (CGAMES), 2013 18th International Conference on},
  pages={159--163},
  year={2013},
  organization={IEEE}
}

@misc{games2011noire,
  title={LA Noire},
  author={Games, Rockstar},
  year={2011},
  publisher={New York: Rockstar Games}
}

@inproceedings{schneider2007exploring,
  title={Exploring the uncanny valley with Japanese video game characters},
  author={Schneider, Edward and Wang, Yifan and Yang, Shanshan},
  booktitle={Proceedings of DiGRA 2007 Conference},
  volume={546549},
  year={2007}
}